@techreport{minio2022erasure,
  author      = {MinIO},
  title       = {Erasure Coding Primer},
  institution = {MinIO inc.},
  year        = {2022},
  type        = {White Paper},
  address     = {530B University Avenue, Palo Alto, CA 94301}
}

@inproceedings{silberstein2014lazy,
  title     = {Lazy means smart: Reducing repair bandwidth costs in erasure-coded distributed storage},
  author    = {Silberstein, Mark and Ganesh, Lakshmi and Wang, Yang and Alvisi, Lorenzo and Dahlin, Mike},
  booktitle = {Proceedings of International Conference on Systems and Storage},
  pages     = {1--7},
  year      = {2014}
}

@article{manasse2009reed,
  title   = {A reed-solomon code for disk storage, and efficient recovery computations for erasure-coded disk storage},
  author  = {Manasse, M and Thekkath, C and Silverberg, A},
  journal = {Proceeding in Informatics},
  pages   = {1--11},
  year    = {2009}
}

@inproceedings{huang2012erasure,
  title     = {Erasure coding in windows azure storage},
  author    = {Huang, Cheng and Simitci, Huseyin and Xu, Yikang and Ogus, Aaron and Calder, Brad and Gopalan, Parikshit and Li, Jin and Yekhanin, Sergey},
  booktitle = {2012 USENIX Annual Technical Conference (USENIX ATC 12)},
  pages     = {15--26},
  year      = {2012}
}

@article{kim2021erasure,
  title     = {Erasure-coding-based storage and recovery for distributed exascale storage systems},
  author    = {Kim, Jeong-Joon},
  journal   = {Applied Sciences},
  volume    = {11},
  number    = {8},
  pages     = {3298},
  year      = {2021},
  publisher = {MDPI}
}

@inproceedings{weatherspoon2002erasure,
  title        = {Erasure coding vs. replication: A quantitative comparison},
  author       = {Weatherspoon, Hakim and Kubiatowicz, John D},
  booktitle    = {International Workshop on Peer-to-Peer Systems},
  pages        = {328--337},
  year         = {2002},
  organization = {Springer}
}

@article{katz2010raid,
  title     = {Raid: A personal recollection of how storage became a system},
  author    = {Katz, Randy H},
  journal   = {IEEE Annals of the History of Computing},
  volume    = {32},
  number    = {4},
  pages     = {82--87},
  year      = {2010},
  publisher = {IEEE}
}

@misc{forney2005finitefields,
  title        = {Principles of Digital Communication II},
  author       = {David Forney},
  year         = {2006},
  howpublished = {https://ocw.mit.edu/courses/6-451-principles-of-digital-communication-ii-spring-2005/resources/lecture-videos/},
  note         = {Accessed: 2024-11-03}
}

@misc{maggs2010reed,
  title        = {Reed-Solomon Codes},
  author       = {Bruce Maggs},
  year         = {2010},
  howpublished = {https://courses.cs.duke.edu/spring10/cps296.3/rs_scribe.pdf},
  note         = {Accessed: 2024-11-02}
}

@misc{riley2001introduction,
  title     = {An introduction to Reed-Solomon codes: principles, architecture and implementation},
  author    = {Riley, Martyn and Richardson, Iain},
  year      = {2001},
  publisher = {Prentice-hall}
}

@article{reed1960polynomial,
  title     = {Polynomial codes over certain finite fields},
  author    = {Reed, Irving S and Solomon, Gustave},
  journal   = {Journal of the society for industrial and applied mathematics},
  volume    = {8},
  number    = {2},
  pages     = {300--304},
  year      = {1960},
  publisher = {SIAM}
}